@misc{midpoint,
    title   = "Midpoint circle algorithm for filled circles",
    author  = "colinday",
    year    = 2014,
    note    = "\url{https://stackoverflow.com/questions/10878209/midpoint-circle-algorithm-for-filled-circles}"
}
@misc{bresenham,
    title   = "Bresenham line algorithm",
    year    = 2018,
    note    = "\url{http://www.roguebasin.com/index.php?title=Bresenham%27s_Line_Algorithm#Python}"
}
@misc{astar,
    title   = "A* search algorihtm",
    year    = 2019,
    note    = "\url{https://en.wikipedia.org/wiki/A*_search_algorithm}"
}
@phdthesis{wavefront,
    title   = "Frontier Based Exploration for Autonomous Robot",
    author  = "Anirudh Topiwala, Pranav Inani, Abhishek Kathpal",
    school  = "University of Maryland",
    year    = 2019,
    note    = "\url{https://arxiv.org/pdf/1806.03581.pdf}"
}
